@article{Katajamaa2007,
author = {Katajamaa, Mikko and Oresic, Matej},
doi = {10.1016/j.chroma.2007.04.021},
issn = {0021-9673},
journal = {Journal of chromatography. A},
keywords = {Chromatography, Liquid,Chromatography, Liquid: methods,Mass Spectrometry,Mass Spectrometry: methods},
mendeley-groups = {ECCB Paper,Metabolomics - Alignment},
month = {jul},
number = {1-2},
pages = {318--28},
pmid = {17466315},
title = {{Data processing for mass spectrometry-based metabolomics.}},
url = {http://www.ncbi.nlm.nih.gov/pubmed/17466315},
volume = {1158},
year = {2007}
}

@article{DeVos2007a,
author = {{De Vos}, Ric C H and Moco, Sofia and Lommen, Arjen and Keurentjes, Joost J B and Bino, Raoul J and Hall, Robert D},
issn = {1750-2799},
journal = {Nat. Protoc.},
keywords = {Arabidopsis,Arabidopsis: genetics,Arabidopsis: metabolism,Chromatography,Cluster Analysis,High Pressure Liquid,High Pressure Liquid: methods,Mass Spectrometry,Mass Spectrometry: methods,Plant Extracts,Plant Extracts: chemistry,Software},
month = {jan},
number = {4},
pages = {778--791},
pmid = {17446877},
title = {{Untargeted large-scale plant metabolomics using liquid chromatography coupled to mass spectrometry.}},
volume = {2},
year = {2007}
}

@article{Creek2011,
author = {Creek, Darren J and Jankevics, Andris and Breitling, Rainer and Watson, David G and Barrett, Michael P and Burgess, Karl E V},
journal = {Analytical Chemistry},
number = {22},
pages = {8703--8710},
publisher = {ACS Publications},
title = {{Toward global metabolomics analysis with hydrophilic interaction liquid chromatography--mass spectrometry: improved metabolite identification by retention time prediction}},
volume = {83},
year = {2011}
}

@article{Dettmer2007,
author = {Dettmer, Katja and Aronov, P.A. and Hammock, B.D.},
doi = {http://dx.doi.org/10.1002/mas.20108},
journal = {Mass Spectrometry Reviews},
keywords = {lipidomics,mass spectrometry,metabolic fingerprinting,metabolic profiling,metabolomics},
mendeley-groups = {Metabolomics},
number = {1},
pages = {51--78},
publisher = {Wiley Online Library},
title = {{Mass spectrometry-based metabolomics}},
url = {http://onlinelibrary.wiley.com/doi/10.1002/mas.20108/full},
volume = {26},
year = {2007}
}

@article{Gibney2005,
issn = {0002-9165},
journal = {The American journal of clinical nutrition},
keywords = {Diet,Environment,Gene Expression Regulation,Genomics,Genomics: methods,Genotype,Health Status,Humans,Metabolism,Metabolism: drug effects,Metabolism: genetics,Metabolism: physiology,Nutritional Physiological Phenomena},
mendeley-groups = {Metabolomics},
month = {sep},
number = {3},
pages = {497--503},
pmid = {16155259},
title = {{Metabolomics in human nutrition: opportunities and challenges.}},
url = {http://www.ncbi.nlm.nih.gov/pubmed/16155259},
volume = {82},
year = {2005}
}

@article{Kell2006,
author = {Kell, Douglas B},
doi = {10.1016/j.drudis.2006.10.004},
file = {:Users/joewandy/Library/Application Support/Mendeley Desktop/Downloaded/Kell - 2006 - Systems biology, metabolic modelling and metabolomics in drug discovery and development.pdf:pdf},
issn = {1359-6446},
journal = {Drug discovery today},
keywords = {Biological,Computer Simulation,Drug Approval,Drug Design,Genomics,Genomics: methods,Humans,Metabolic Networks and Pathways,Models,Pharmaceutical Preparations,Pharmaceutical Preparations: administration {\&} dosa,Pharmaceutical Preparations: adverse effects,Pharmaceutical Preparations: metabolism,Proteomics,Proteomics: methods,Systems Biology,Systems Biology: methods},
mendeley-groups = {Metabolomics},
month = {dec},
number = {23-24},
pages = {1085--92},
pmid = {17129827},
title = {{Systems biology, metabolic modelling and metabolomics in drug discovery and development.}},
url = {http://www.ncbi.nlm.nih.gov/pubmed/17129827},
volume = {11},
year = {2006}
}

@article{Gieger2008,
doi = {10.1371/journal.pgen.1000282},
issn = {1553-7404},
journal = {PLoS genetics},
keywords = {Blood Proteins,Blood Proteins: metabolism,Fatty Acid Desaturases,Fatty Acid Desaturases: metabolism,Genetics,Genome, Human,Genome-Wide Association Study,Genome-Wide Association Study: methods,Humans,Male,Metabolomics,Metabolomics: methods,Organic Chemicals,Organic Chemicals: blood,Phenotype,Phosphoproteins,Phosphoproteins: metabolism,Polymorphism, Single Nucleotide,Ubiquitin-Protein Ligases,Ubiquitin-Protein Ligases: metabolism},
mendeley-groups = {Metabolomics - Identification,Metabolomics},
month = {nov},
number = {11},
pages = {e1000282},
pmid = {19043545},
title = {{Genetics meets metabolomics: a genome-wide association study of metabolite profiles in human serum.}},
url = {http://www.pubmedcentral.nih.gov/articlerender.fcgi?artid=2581785{\&}tool=pmcentrez{\&}rendertype=abstract},
volume = {4},
year = {2008}
}

@article{Castillo2011,
author = {Castillo, Sandra and Gopalacharyulu, Peddinti and Yetukuri, Laxman and Ore{\v{s}}i{\v{c}}, Matej},
doi = {10.1016/j.chemolab.2011.03.010},
issn = {01697439},
journal = {Chemometrics and Intelligent Laboratory Systems},
keywords = {Biological data,Data preprocessing software,Liquid chromatography coupled with mass spectromet,Metabolomics},
mendeley-groups = {Metabolomics},
month = {aug},
number = {1},
pages = {23--32},
publisher = {Elsevier B.V.},
title = {{Algorithms and tools for the preprocessing of LC-MS metabolomics data}},
url = {http://linkinghub.elsevier.com/retrieve/pii/S0169743911000608},
volume = {108},
year = {2011}
}

@article{Keller2008,
author = {Keller, Bernd O and Sui, Jie and Young, Alex B and Whittal, Randy M},
doi = {10.1016/j.aca.2008.04.043},
issn = {1873-4324},
journal = {Analytica chimica acta},
keywords = {Animals,Artifacts,Humans,Mass Spectrometry,Mass Spectrometry: methods,Peptides,Peptides: chemistry,Polymers,Polymers: chemistry,Proteins,Proteins: chemistry,Solvents,Solvents: chemistry},
mendeley-groups = {Metabolomics - Noise,Review paper,Metabolomics - Ionization},
month = {oct},
number = {1},
pages = {71--81},
pmid = {18790129},
title = {{Interferences and contaminants encountered in modern mass spectrometry.}},
url = {http://www.ncbi.nlm.nih.gov/pubmed/18790129},
volume = {627},
year = {2008}
}

@article{Smith2014,
author = {Smith, Rob and Mathis, Andrew D and Ventura, Dan and Prince, John T},
doi = {10.1186/1471-2105-15-S7-S9},
issn = {1471-2105},
journal = {BMC Bioinformatics},
mendeley-groups = {New papers (bio)},
number = {Suppl 7},
pages = {S9},
publisher = {BioMed Central Ltd},
title = {{Proteomics, lipidomics, metabolomics: a mass spectrometry tutorial from a computer scientist's point of view}},
url = {http://www.biomedcentral.com/1471-2105/15/S7/S9},
volume = {15},
year = {2014}
}

@article{Pedrioli2004,
doi = {10.1038/nbt1031},
issn = {1087-0156},
journal = {Nature biotechnology},
keywords = {Database Management Systems,Databases, Factual,Information Dissemination,Information Dissemination: methods,Information Storage and Retrieval,Information Storage and Retrieval: methods,Information Storage and Retrieval: standards,Mass Spectrometry,Mass Spectrometry: methods,Mass Spectrometry: standards,Proteome,Proteome: analysis,Proteome: chemistry,Proteome: classification,Proteomics,Proteomics: methods,Proteomics: standards,Software,User-Computer Interface},
mendeley-groups = {Metabolomics},
month = {nov},
number = {11},
pages = {1459--66},
pmid = {15529173},
title = {{A common open representation of mass spectrometry data and its application to proteomics research.}},
url = {http://www.ncbi.nlm.nih.gov/pubmed/15529173},
volume = {22},
year = {2004}
}

@book{Hoffmann2007,
address = {West Sussex, England},
author = {de Hoffmann, Edmond and Stroobant, Vincent},
booktitle = {Techniques and Instrumentation in {\ldots}},
edition = {3rd},
editor = {{John Wiley {\&} Sons}, Ltd},
isbn = {9780470033104},
title = {{Mass spectrometry: Principles and applications}},
year = {2007}
}

@article{metzker2010sequencing,
  title={Sequencing technologiesâ€”the next generation},
  author={Metzker, Michael L},
  journal={Nature reviews genetics},
  volume={11},
  number={1},
  pages={31--46},
  year={2010},
  publisher={Nature Publishing Group}
}

@article{mann2003proteomic,
  title={Proteomic analysis of post-translational modifications},
  author={Mann, Matthias and Jensen, Ole N},
  journal={Nature biotechnology},
  volume={21},
  number={3},
  pages={255--261},
  year={2003},
  publisher={Nature Publishing Group}
}

@article{mamas2011role,
  title={The role of metabolites and metabolomics in clinically applicable biomarkers of disease},
  author={Mamas, Mamas and Dunn, Warwick B and Neyses, Ludwig and Goodacre, Royston},
  journal={Archives of toxicology},
  volume={85},
  number={1},
  pages={5--17},
  year={2011},
  publisher={Springer}
}

@inproceedings{Rasmussen2000,
author = {Rasmussen, CE},
booktitle = {Advances in Neural Information Processing Systems 12},
keywords = {machine-learning},
mendeley-groups = {Machine Learning,New papers (ML),ECCB Paper,Metabolomics - Clustering},
mendeley-tags = {machine-learning},
pages = {554--560},
publisher = {MIT Press},
title = {{The infinite Gaussian mixture model}},
year = {2000}
}

@article{Annesley2003,
author = {Annesley, Thomas M},
issn = {0009-9147},
journal = {Clinical chemistry},
keywords = {Chromatography, High Pressure Liquid,Detergents,Detergents: chemistry,Indicators and Reagents,Indicators and Reagents: chemistry,Ions,Ions: chemistry,Mass Spectrometry,Mass Spectrometry: instrumentation,Mass Spectrometry: methods,Pharmaceutical Preparations,Pharmaceutical Preparations: chemistry,Proteins,Proteins: chemistry,Salts,Salts: chemistry,Sensitivity and Specificity},
mendeley-groups = {Metabolomics,Metabolomics - Alignment},
month = {jul},
number = {7},
pages = {1041--4},
pmid = {12816898},
title = {{Ion suppression in mass spectrometry.}},
url = {http://www.ncbi.nlm.nih.gov/pubmed/12816898},
volume = {49},
year = {2003}
}

@article{Lange2008,
author = {Lange, Eva and Tautenhahn, Ralf and Neumann, Steffen and Gr{\"{o}}pl, Clemens},
journal = {BMC Bioinformatics},
pages = {375},
publisher = {BioMed Central Ltd},
title = {{Critical assessment of alignment procedures for {\{}LC{\}}-{\{}MS{\}} proteomics and metabolomics measurements}},
volume = {9},
year = {2008}
}

@article{Smith2013,
annote = {DOI:10.1093/bib/bbt080},
author = {Smith, Rob and Ventura, Dan and Prince, John T},
journal = {Briefings in Bioinformatics},
mendeley-groups = {Metabolomics/Metabolomics - Bioinformatics Paper},
publisher = {Oxford Univ Press},
title = {{{\{}LC{\}}-{\{}MS{\}} alignment in theory and practice: a comprehensive algorithmic review}},
year = {2013}
}

@article{Daly2014,
author = {Daly, R{\'{o}}n{\'{a}}n and Rogers, Simon and Wandy, Joe and Jankevics, Andris and Burgess, Karl E V and Breitling, Rainer},
doi = {10.1093/bioinformatics/btu370},
file = {:Users/joewandy/Library/Application Support/Mendeley Desktop/Downloaded/Daly et al. - 2014 - MetAssign probabilistic annotation of metabolites from LC-MS data using a Bayesian clustering approach.pdf:pdf},
issn = {1367-4811},
journal = {Bioinformatics (Oxford, England)},
month = {jun},
number = {19},
pages = {2764--2771},
pmid = {24916385},
title = {{MetAssign: probabilistic annotation of metabolites from LC-MS data using a Bayesian clustering approach.}},
volume = {30},
year = {2014}
}

@article{Smith2005,
author = {Smith, Colin a and O'Maille, Grace and Want, Elizabeth J and Qin, Chuan and Trauger, Sunia a and Brandon, Theodore R and Custodio, Darlene E and Abagyan, Ruben and Siuzdak, Gary},
issn = {0163-4356},
journal = {Therapeutic drug monitoring},
keywords = {Biological Markers,Biological Markers: analysis,Biological Markers: chemistry,Biological Markers: metabolism,Chromatography, Liquid,Databases as Topic,Humans,Mass Spectrometry,Molecular Structure,Pharmaceutical Preparations,Pharmaceutical Preparations: analysis,Pharmaceutical Preparations: chemistry,Pharmaceutical Preparations: metabolism,Spectroscopy, Fourier Transform Infrared},
mendeley-groups = {Metabolomics - Identification},
month = {dec},
number = {6},
pages = {747--51},
pmid = {16404815},
title = {{METLIN: a metabolite mass spectral database.}},
url = {http://www.ncbi.nlm.nih.gov/pubmed/16404815},
volume = {27},
year = {2005}
}

@article{pence2010chemspider,
  title={ChemSpider: an online chemical information resource},
  author={Pence, Harry E and Williams, Antony},
  journal={Journal of Chemical Education},
  volume={87},
  number={11},
  pages={1123--1124},
  year={2010},
  publisher={ACS Publications}
}

@article{horai2010massbank,
  title={MassBank: a public repository for sharing mass spectral data for life sciences},
  author={Horai, Hisayuki and Arita, Masanori and Kanaya, Shigehiko and Nihei, Yoshito and Ikeda, Tasuku and Suwa, Kazuhiro and Ojima, Yuya and Tanaka, Kenichi and Tanaka, Satoshi and Aoshima, Ken and others},
  journal={Journal of mass spectrometry},
  volume={45},
  number={7},
  pages={703--714},
  year={2010},
  publisher={Wiley Online Library}
}

@article{wang2009pubchem,
  title={PubChem: a public information system for analyzing bioactivities of small molecules},
  author={Wang, Yanli and Xiao, Jewen and Suzek, Tugba O and Zhang, Jian and Wang, Jiyao and Bryant, Stephen H},
  journal={Nucleic acids research},
  pages={gkp456},
  year={2009},
  publisher={Oxford Univ Press}
}

@article{Manuscript2013,
author = {Xiao, JF and Zhou, B and Ressom, HW},
doi = {10.1016/j.trac.2011.08.009.Metabolite},
journal = {TrAC Trends in Analytical Chemistry},
keywords = {high-resolution mass spectrometry,identification,ion annotation,liquid chromatography,matching,metabolite,metabolomics,selected reaction monitoring,spectral,spectral interpretation,tandem mass spectrometry},
mendeley-groups = {Review paper,Metabolomics - Review Papers},
pages = {1--14},
title = {{Metabolite identification and quantitation in LC-MS/MS-based metabolomics}},
url = {http://www.sciencedirect.com/science/article/pii/S0165993611003165},
year = {2012}
}

@article{Dunn2012,
author = {Dunn, WB and Erban, A and Weber, RJM and Creek, DJ},
journal = {Metabolomics},
mendeley-groups = {Metabolomics - Identification,Metabolomics - Review Papers},
title = {{Mass appeal: metabolite identification in mass spectrometry-focused untargeted metabolomics}},
url = {http://www.springerlink.com/index/0718581530254PG6.pdf},
year = {2012}
}

@article{Zhang2009,
author = {Zhang, Jianqiu and Gonzalez, Elias and Hestilow, Travis and Haskins, William and Huang, Yufei},
doi = {10.2174/138920209789177638},
issn = {1875-5488},
journal = {Current genomics},
keywords = {lc-ms-data,simulation},
mendeley-groups = {Metabolomics - Picking,Metabolomics,Metabolomics - Alignment,Metabolomics - Detection},
mendeley-tags = {lc-ms-data,simulation},
month = {sep},
number = {6},
pages = {388--401},
pmid = {20190954},
title = {{Review of peak detection algorithms in liquid-chromatography-mass spectrometry.}},
url = {http://www.pubmedcentral.nih.gov/articlerender.fcgi?artid=2766790{\&}tool=pmcentrez{\&}rendertype=abstract},
volume = {10},
year = {2009}
}

@article{Sakoe1978,
author = {Sakoe, H. and Chiba, S.},
doi = {10.1109/TASSP.1978.1163055},
issn = {0096-3518},
journal = {IEEE Transactions on Acoustics, Speech, and Signal Processing},
mendeley-groups = {ECCB Paper,Metabolomics - Alignment},
month = {feb},
number = {1},
pages = {43--49},
title = {{Dynamic programming algorithm optimization for spoken word recognition}},
url = {http://ieeexplore.ieee.org/lpdocs/epic03/wrapper.htm?arnumber=1163055},
volume = {26},
year = {1978}
}

@book{gross2006mass,
  title={Mass spectrometry: a textbook},
  author={Gross, J{\"u}rgen H},
  year={2006},
  publisher={Springer Science \& Business Media}
}

@article{Gika2014,
author = {Gika, Helen G. and Theodoridis, Georgios A. and Plumb, Robert S. and Wilson, Ian D.},
doi = {10.1016/j.jpba.2013.06.032},
file = {:Users/joewandy/Downloads/JPhBiomAnal2013.pdf:pdf},
isbn = {0731-7085},
issn = {1873264X},
journal = {Journal of Pharmaceutical and Biomedical Analysis},
keywords = {Disease biomarker discovery,LC-MS,Metabolic profiling,Metabolomics,Metabonomics},
mendeley-groups = {Metabolomics - Review Papers},
number = {March 2016},
pages = {12--25},
pmid = {23916607},
title = {{Current practice of liquid chromatography-mass spectrometry in metabolomics and metabonomics}},
volume = {87},
year = {2014}
}

@article{Bocker2009,
author = {B{\"{o}}cker, Sebastian and Letzel, Matthias C and Lipt{\'{a}}k, Zsuzsanna and Pervukhin, Anton},
doi = {10.1093/bioinformatics/btn603},
file = {:Users/joewandy/Library/Application Support/Mendeley Desktop/Downloaded/B{\"{o}}cker et al. - 2009 - SIRIUS decomposing isotope patterns for metabolite identification.pdf:pdf},
issn = {1367-4811},
journal = {Bioinformatics (Oxford, England)},
keywords = {Algorithms,Isotopes,Isotopes: chemistry,Mass Spectrometry,Mass Spectrometry: methods,Metabolomics,Molecular Weight,Software},
mendeley-groups = {Metabolomics - Identification,Metabolomics - SIRIUS},
month = {jan},
number = {2},
pages = {218--24},
pmid = {19015140},
title = {{SIRIUS: decomposing isotope patterns for metabolite identification.}},
url = {http://www.pubmedcentral.nih.gov/articlerender.fcgi?artid=2639009{\&}tool=pmcentrez{\&}rendertype=abstract},
volume = {25},
year = {2009}
}

@article{Chawade2015,
author = {Chawade, Aakash and Sandin, Marianne and Teleman, Johan and Malmstr{\"{o}}m, Johan and Levander, Fredrik},
doi = {10.1021/pr500665j},
file = {:Users/joewandy/Library/Application Support/Mendeley Desktop/Downloaded/Chawade et al. - 2015 - Data processing has major impact on the outcome of quantitative label-free LC-MS analysis.pdf:pdf},
issn = {1535-3907},
journal = {Journal of proteome research},
keywords = {label-free,proteomics,quanti fi cation,shotgun,srm,targeted},
mendeley-groups = {Metabolomics/Metabolomics - Bioinformatics Paper},
number = {2},
pages = {676--87},
pmid = {25407311},
title = {{Data processing has major impact on the outcome of quantitative label-free LC-MS analysis.}},
url = {http://dx.doi.org/10.1021/pr500665j},
volume = {14},
year = {2015}
}

@article{Sandin2014,
author = {Sandin, Marianne and Teleman, Johan and Malmstr{\"{o}}m, Johan and Levander, Fredrik},
doi = {10.1016/j.bbapap.2013.03.026},
isbn = {0006-3002 (Print)$\backslash$r0006-3002 (Linking)},
issn = {0006-3002},
journal = {Biochimica et biophysica acta},
keywords = {Chromatography, Liquid,Chromatography, Liquid: methods,Liquid,Liquid: methods,Proteins,Proteins: analysis,Quality Control,Tandem Mass Spectrometry,Tandem Mass Spectrometry: methods},
mendeley-groups = {Metabolomics - Review Papers,Proteomics - Review Paper},
number = {1 Pt A},
pages = {29--41},
pmid = {23567904},
publisher = {Elsevier B.V.},
title = {{Data processing methods and quality control strategies for label-free LC-MS protein quantification.}},
url = {http://www.sciencedirect.com/science/article/pii/S1570963913001398},
volume = {1844},
year = {2014}
}

@article{Megger2013,
author = {Megger, Dominik A. and Bracht, Thilo and Meyer, Helmut E. and Sitek, Barbara},
doi = {10.1016/j.bbapap.2013.04.001},
isbn = {0006-3002 (Print)$\backslash$r0006-3002 (Linking)},
issn = {15709639},
journal = {Biochimica et Biophysica Acta - Proteins and Proteomics},
keywords = {Clinical proteomics,Disease biomarker,Label-free proteomics,Quantitative proteomics},
mendeley-groups = {Metabolomics - Review Papers,Proteomics - Review Paper},
number = {8},
pages = {1581--1590},
pmid = {23567906},
title = {{Label-free quantification in clinical proteomics}},
volume = {1834},
year = {2013}
}

@article{Aebersold2003,
author = {Aebersold, Ruedi and Mann, Matthias},
doi = {10.1038/nature01511},
file = {:Users/joewandy/Downloads/aebersold2003.pdf:pdf},
isbn = {0028-0836},
issn = {0028-0836},
journal = {Nature},
keywords = {Animals,Gene Expression Profiling,Humans,Mass Spectrometry,Mass Spectrometry: instrumentation,Mass Spectrometry: methods,Protein Binding,Proteins,Proteins: analysis,Proteins: chemistry,Proteins: metabolism,Proteomics,Proteomics: instrumentation,Proteomics: methods},
mendeley-groups = {Proteomics - Review Paper},
number = {6928},
pages = {198--207},
pmid = {12634793},
title = {{Mass spectrometry-based proteomics.}},
url = {http://www.ncbi.nlm.nih.gov/pubmed/12634793},
volume = {422},
year = {2003}
}

@article{Nielsen1998,
author = {Nielsen, Niels-Peter Vest and Carstensen, Jens Michael and Smedsgaard, J{\o}rn},
doi = {10.1016/S0021-9673(98)00021-1},
issn = {00219673},
journal = {Journal of Chromatography A},
keywords = {chemometrics,correlation optimised warping},
mendeley-groups = {ECCB Paper,Metabolomics - Alignment},
month = {may},
number = {1-2},
pages = {17--35},
title = {{Aligning of single and multiple wavelength chromatographic profiles for chemometric data analysis using correlation optimised warping}},
url = {http://linkinghub.elsevier.com/retrieve/pii/S0021967398000211},
volume = {805},
year = {1998}
}

@article{Eilers2004,
author = {Eilers, Paul H C},
doi = {10.1021/ac034800e},
issn = {0003-2700},
journal = {Analytical chemistry},
mendeley-groups = {ECCB Paper,Metabolomics - Alignment},
month = {jan},
number = {2},
pages = {404--11},
pmid = {14719890},
title = {{Parametric time warping.}},
url = {http://www.ncbi.nlm.nih.gov/pubmed/14719890},
volume = {76},
year = {2004}
}

@article{Christin2008,
author = {Christin, Christin and Smilde, Age K and Hoefsloot, Huub C J and Suits, Frank and Bischoff, Rainer and Horvatovich, Peter L},
doi = {10.1021/ac800920h},
issn = {1520-6882},
journal = {Analytical chemistry},
keywords = {Algorithms,Chromatography, Liquid,Chromatography, Liquid: methods,Female,Humans,Mass Spectrometry,Mass Spectrometry: methods,Pregnancy,Reference Standards,Reproducibility of Results,Time Factors,Trypsin,Trypsin: metabolism,Urine,Urine: chemistry,Uterine Cervical Neoplasms,Uterine Cervical Neoplasms: blood},
mendeley-groups = {ECCB Paper,Metabolomics - Alignment},
month = {sep},
number = {18},
pages = {7012--21},
pmid = {18715018},
title = {{Optimized time alignment algorithm for LC-MS data: correlation optimized warping using component detection algorithm-selected mass chromatograms.}},
url = {http://www.ncbi.nlm.nih.gov/pubmed/18715018},
volume = {80},
year = {2008}
}

@article{Pluskal2010,
author = {Pluskal, Tom{\'{a}}s and Castillo, Sandra and Villar-Briones, Alejandro and Oresic, Matej},
doi = {10.1186/1471-2105-11-395},
issn = {1471-2105},
journal = {BMC bioinformatics},
keywords = {Algorithms,Mass Spectrometry,Proteomics,Proteomics: methods,Software,Software Design},
mendeley-groups = {Metabolomics - Identification,ECCB Paper,Metabolomics - Alignment,Metabolomics - Tools},
month = {jan},
number = {1},
pages = {395},
pmid = {20650010},
publisher = {BioMed Central Ltd},
title = {{MZmine 2: modular framework for processing, visualizing, and analyzing mass spectrometry-based molecular profile data.}},
volume = {11},
year = {2010}
}

@article{Voss2011a,
author = {Voss, Bj{\"{o}}rn and Hanselmann, Michael and Renard, Bernhard Y and Lindner, Martin S and K{\"{o}}the, Ullrich and Kirchner, Marc and Hamprecht, Fred a},
doi = {10.1093/bioinformatics/btr051},
issn = {1367-4811},
journal = {Bioinformatics (Oxford, England)},
keywords = {Algorithms,Chromatography,Liquid,Liquid: methods,Mass Spectrometry,Mass Spectrometry: methods,algorithm,clustering,feature-based},
mendeley-groups = {ECCB Paper,Metabolomics - Alignment,Metabolomics/Metabolomics - Bioinformatics Paper},
mendeley-tags = {algorithm,clustering,feature-based},
month = {apr},
number = {7},
pages = {987--93},
pmid = {21296750},
title = {{SIMA: simultaneous multiple alignment of LC/MS peak lists.}},
volume = {27},
year = {2011}
}

@article{Hoffmann2012a,
author = {Hoffmann, N and Keck, M and Neuweger, H},
journal = {BMC bioinformatics},
mendeley-groups = {ECCB Paper,Metabolomics - Alignment},
pages = {214},
title = {{Combining peak-and chromatogram-based retention time alignment algorithms for multiple chromatography-mass spectrometry datasets}},
url = {http://www.biomedcentral.com/1471-2105/13/214/},
volume = {13},
year = {2012}
}

@article{Ballardini2011,
author = {Ballardini, R and Benevento, M and Arrigoni, G},
doi = {10.1016/j.chroma.2011.06.062},
issn = {1873-3778},
journal = {{\ldots} of Chromatography A},
keywords = {Algorithms,Chromatography,Computational Biology,Computational Biology: methods,Databases,Escherichia coli,Liquid,Liquid: methods,Mass Spectrometry,Mass Spectrometry: methods,Peptide Fragments,Peptide Fragments: analysis,Peptide Fragments: chemistry,Peptide Mapping,Protein,Proteins,Proteins: analysis,Proteins: chemistry,Software},
mendeley-groups = {ECCB Paper,Metabolomics - Alignment},
month = {dec},
number = {49},
pages = {8859--68},
pmid = {21783198},
publisher = {Elsevier B.V.},
title = {{MassUntangler: A novel alignment tool for label-free liquid chromatography-mass spectrometry proteomic data}},
url = {http://www.ncbi.nlm.nih.gov/pubmed/21783198 http://www.sciencedirect.com/science/article/pii/S0021967311008776},
volume = {1218},
year = {2011}
}

@article{Duran2003,
author = {Duran, a. L. and Yang, J. and Wang, L. and Sumner, L. W.},
doi = {10.1093/bioinformatics/btg315},
issn = {1367-4803},
journal = {Bioinformatics},
mendeley-groups = {ECCB Paper},
month = {nov},
number = {17},
pages = {2283--2293},
title = {{Metabolomics spectral formatting, alignment and conversion tools (MSFACTs)}},
url = {http://bioinformatics.oxfordjournals.org/cgi/doi/10.1093/bioinformatics/btg315},
volume = {19},
year = {2003}
}

@article{Wang2013,
author = {Wang, Jijie and Lam, Henry},
doi = {10.1093/bioinformatics/btt435},
issn = {1367-4811},
journal = {Bioinformatics (Oxford, England)},
mendeley-groups = {Graph matching,ECCB Paper,Metabolomics - Alignment},
month = {aug},
number = {19},
pages = {2469--2476},
pmid = {23904508},
title = {{Graph-based peak alignment algorithms for multiple liquid chromatography-mass spectrometry datasets.}},
url = {http://www.ncbi.nlm.nih.gov/pubmed/23904508},
volume = {29},
year = {2013}
}

@article{Lin2013,
author = {Lin, Hao and He, Lin and Ma, Bin},
doi = {10.1093/bioinformatics/btt274},
issn = {1367-4811},
journal = {Bioinformatics (Oxford, England)},
mendeley-groups = {ECCB Paper,Metabolomics - Alignment},
month = {may},
pages = {1--7},
pmid = {23665772},
title = {{A Combinatorial Approach to the Peptide Feature Matching Problem for Label-Free Quantification.}},
url = {http://www.ncbi.nlm.nih.gov/pubmed/23665772},
year = {2013}
}

@article{Podwojski2009,
doi = {10.1093/bioinformatics/btp052},
issn = {1367-4811},
journal = {Bioinformatics (Oxford, England)},
keywords = {Algorithms,Chromatography,Computer Simulation,Liquid,Liquid: methods,Mass Spectrometry,Mass Spectrometry: methods,Proteins,Proteins: chemistry,Proteome,Proteome: chemistry,Proteomics,Proteomics: methods,algorithm,feature-based,rtdrift},
mendeley-groups = {Metabolomics - Alignment},
mendeley-tags = {algorithm,feature-based,rtdrift},
month = {mar},
number = {6},
pages = {758--64},
pmid = {19176558},
title = {{Retention time alignment algorithms for LC/MS data must consider non-linear shifts.}},
url = {http://www.ncbi.nlm.nih.gov/pubmed/19176558},
volume = {25},
year = {2009}
}

@article{Kind2006,
author = {Kind, Tobias and Fiehn, Oliver},
doi = {10.1186/1471-2105-7-234},
issn = {1471-2105},
journal = {BMC bioinformatics},
keywords = {Algorithms,Database Management Systems,Databases, Factual,Gene Expression Profiling,Information Storage and Retrieval,Information Storage and Retrieval: methods,Mass Spectrometry,Mass Spectrometry: methods,Microchemistry,Microchemistry: methods,Peptide Mapping,Peptide Mapping: methods,Proteome,Proteome: analysis,Proteome: metabolism,Sequence Analysis, Protein,Sequence Analysis, Protein: methods},
mendeley-groups = {Metabolomics - Identification},
month = {jan},
pages = {234},
pmid = {16646969},
title = {{Metabolomic database annotations via query of elemental compositions: mass accuracy is insufficient even at less than 1 ppm.}},
url = {http://www.pubmedcentral.nih.gov/articlerender.fcgi?artid=1464138{\&}tool=pmcentrez{\&}rendertype=abstract},
volume = {7},
year = {2006}
}

@article{Kuhl2012,
author = {Kuhl, Carsten and Tautenhahn, Ralf and B{\"{o}}ttcher, Christoph and Larson, Tony R and Neumann, Steffen},
doi = {10.1021/ac202450g},
issn = {1520-6882},
journal = {Analytical chemistry},
keywords = {Algorithms,Chromatography, Liquid,Chromatography, Liquid: methods,Plants,Plants: chemistry,Spectrometry, Mass, Electrospray Ionization,Spectrometry, Mass, Electrospray Ionization: metho},
mendeley-groups = {Metabolomics - Identification,Review paper,Metabolomics - Clustering},
month = {jan},
number = {1},
pages = {283--9},
pmid = {22111785},
title = {{CAMERA: an integrated strategy for compound spectra extraction and annotation of liquid chromatography/mass spectrometry data sets.}},
url = {http://www.ncbi.nlm.nih.gov/pubmed/22111785},
volume = {84},
year = {2012}
}

@article{Hufsky2014,
author = {Hufsky, Franziska and Scheubert, Kerstin and B{\"{o}}cker, Sebastian},
doi = {10.1016/j.trac.2013.09.008},
isbn = {0165-9936},
issn = {01659936},
journal = {TrAC - Trends in Analytical Chemistry},
keywords = {Combinatorial fragmentation,Compound classification,Computational mass spectrometry,Computational method,Fragmentation tree,Library searching,Mass spectrometry (MS),Rule-based prediction,Small-molecule fragmentation,Small-molecule identification},
mendeley-groups = {Metabolomics - LDA},
pages = {41--48},
publisher = {Elsevier Ltd},
title = {{Computational mass spectrometry for small-molecule fragmentation}},
url = {http://dx.doi.org/10.1016/j.trac.2013.09.008},
volume = {53},
year = {2014}
}

@article{Varmuza1996,
author = {Varmuza, K. and Werther, W.},
doi = {10.1021/ci9501406},
issn = {1549-9596},
journal = {Journal of Chemical Information and Modeling},
number = {2},
pages = {323--333},
title = {{Mass Spectral Classifiers for Supporting Systematic Structure Elucidation}},
url = {http://pubs.acs.org/cgi-bin/doilookup/?10.1021/ci9501406},
volume = {36},
year = {1996}
}

@article{Hummel2010,
author = {Hummel, Jan and Strehmel, Nadine and Selbig, Joachim and Walther, Dirk and Kopka, Joachim},
doi = {10.1007/s11306-010-0198-7},
isbn = {1573-3890},
issn = {15733882},
journal = {Metabolomics},
keywords = {Decision trees,GC-MS,Gas chromatography (GC),Mass spectral classification,Mass spectral matching,Mass spectrometry (MS),Metabolic markers,Metabolite fingerprinting,Metabolite profiling,Metabolomics,Metabonomics},
number = {2},
pages = {322--333},
pmid = {20526350},
title = {{Decision tree supported substructure prediction of metabolites from GC-MS profiles}},
volume = {6},
year = {2010}
}

@article{Heinonen2012a,
author = {Heinonen, Markus and Shen, Huibin and Zamboni, Nicola and Rousu, Juho},
journal = {cs.helsinki.fi},
mendeley-groups = {Machine Learning,Metabolomics - Identification},
pages = {1--8},
title = {{Metabolite identification and molecular fingerprint prediction via machine learning}},
url = {http://www.cs.helsinki.fi/u/mqheinon/mlsb{\_}paper{\_}2012{\_}preprint.pdf},
year = {2012}
}

@article{Xia2010,
abstract = {MetPA (Metabolomics Pathway Analysis) is a user-friendly, web-based tool dedicated to the analysis and visualization of metabolomic data within the biological context of metabolic pathways. MetPA combines several advanced pathway enrichment analysis procedures along with the analysis of pathway topological characteristics to help identify the most relevant metabolic pathways involved in a given metabolomic study. The results are presented in a Google-map style network visualization system that supports intuitive and interactive data exploration through point-and-click, dragging and lossless zooming. Additional features include a comprehensive compound library for metabolite name conversion, automatic generation of analysis report, as well as the implementation of various univariate statistical procedures that can be accessed when users click on any metabolite node on a pathway map. MetPA currently enables analysis and visualization of 874 metabolic pathways, covering 11 common model organisms. AVAILABILITY: Freely available at http://metpa.metabolomics.ca.},
author = {Xia, Jianguo and Wishart, David S},
doi = {10.1093/bioinformatics/btq418},
file = {:Users/joewandy/Library/Application Support/Mendeley Desktop/Downloaded/Xia, Wishart - 2010 - MetPA a web-based metabolomics tool for pathway analysis and visualization.pdf:pdf},
issn = {1367-4811},
journal = {Bioinformatics (Oxford, England)},
keywords = {Humans,Internet,Metabolic Networks and Pathways,Metabolomics,Metabolomics: methods,Neoplasms,Neoplasms: urine,Software,User-Computer Interface},
mendeley-groups = {Metabolomics - Identification,New papers (ML)},
month = {sep},
number = {18},
pages = {2342--4},
pmid = {20628077},
title = {{MetPA: a web-based metabolomics tool for pathway analysis and visualization.}},
url = {http://www.ncbi.nlm.nih.gov/pubmed/20628077},
volume = {26},
year = {2010}
}

@article{Krumsiek2011a,
author = {Krumsiek, J and Suhre, K and Illig, T},
file = {:Users/joewandy/Library/Application Support/Mendeley Desktop/Downloaded/Krumsiek, Suhre, Illig - 2011 - Gaussian graphical modeling reconstructs pathway reactions from high-throughput metabolomics data.pdf:pdf},
journal = {BMC systems {\ldots}},
title = {{Gaussian graphical modeling reconstructs pathway reactions from high-throughput metabolomics data}},
url = {http://www.biomedcentral.com/1752-0509/5/21/},
year = {2011}
}

@article{Krumsiek2012,
abstract = {Recent genome-wide association studies (GWAS) with metabolomics data linked genetic variation in the human genome to differences in individual metabolite levels. A strong relevance of this metabolic individuality for biomedical and pharmaceutical research has been reported. However, a considerable amount of the molecules currently quantified by modern metabolomics techniques are chemically unidentified. The identification of these "unknown metabolites" is still a demanding and intricate task, limiting their usability as functional markers of metabolic processes. As a consequence, previous GWAS largely ignored unknown metabolites as metabolic traits for the analysis. Here we present a systems-level approach that combines genome-wide association analysis and Gaussian graphical modeling with metabolomics to predict the identity of the unknown metabolites. We apply our method to original data of 517 metabolic traits, of which 225 are unknowns, and genotyping information on 655,658 genetic variants, measured in 1,768 human blood samples. We report previously undescribed genotype-metabotype associations for six distinct gene loci (SLC22A2, COMT, CYP3A5, CYP2C18, GBA3, UGT3A1) and one locus not related to any known gene (rs12413935). Overlaying the inferred genetic associations, metabolic networks, and knowledge-based pathway information, we derive testable hypotheses on the biochemical identities of 106 unknown metabolites. As a proof of principle, we experimentally confirm nine concrete predictions. We demonstrate the benefit of our method for the functional interpretation of previous metabolomics biomarker studies on liver detoxification, hypertension, and insulin resistance. Our approach is generic in nature and can be directly transferred to metabolomics data from different experimental platforms.},
author = {Krumsiek, Jan and Suhre, Karsten and Evans, Anne M and Mitchell, Matthew W and Mohney, Robert P and Milburn, Michael V and W{\"{a}}gele, Brigitte and R{\"{o}}misch-Margl, Werner and Illig, Thomas and Adamski, Jerzy and Gieger, Christian and Theis, Fabian J and Kastenm{\"{u}}ller, Gabi},
doi = {10.1371/journal.pgen.1003005},
file = {:Users/joewandy/Library/Application Support/Mendeley Desktop/Downloaded/Krumsiek et al. - 2012 - Mining the unknown a systems approach to metabolite identification combining genetic and metabolic information.pdf:pdf},
issn = {1553-7404},
journal = {PLoS genetics},
mendeley-groups = {Metabolomics - Identification,Metabolomics},
month = {oct},
number = {10},
pages = {e1003005},
pmid = {23093944},
title = {{Mining the unknown: a systems approach to metabolite identification combining genetic and metabolic information.}},
url = {http://www.ncbi.nlm.nih.gov/pubmed/23093944},
volume = {8},
year = {2012}
}